% References for Main Text

@article{dinh2018co2,
  title={CO2 electroreduction to ethylene via hydroxide-mediated copper catalysis at an abrupt interface},
  author={Dinh, Cao-Thang and Burdyny, Thomas and Kibria, Md Golam and Seifitokaldani, Ali and Gabardo, Christine M and Garc{\'\i}a de Arquer, F Pelayo and Kiani, Amirreza and Edwards, Jonathan P and De Luna, Phil and Bushuyev, Oleksandr S and others},
  journal={Science},
  volume={360},
  number={6390},
  pages={783--787},
  year={2018},
  publisher={American Association for the Advancement of Science}
}

@article{osella2023co2,
  title={CO2 Reduction to Methane and Ethylene on a Single-Atom Catalyst: A Grand Canonical Quantum Mechanics Study},
  author={Osella, Silvio and Goddard III, William A},
  journal={Journal of the American Chemical Society},
  volume={145},
  number={39},
  pages={21319--21329},
  year={2023},
  publisher={ACS Publications}
}

@article{chen2019identifying,
  title={Identifying active sites for CO2 reduction on dealloyed gold surfaces by combining machine learning with multiscale simulations},
  author={Chen, Yalu and Huang, Yufeng and Cheng, Tao and Goddard III, William A},
  journal={Journal of the American Chemical Society},
  volume={141},
  number={29},
  pages={11651--11657},
  year={2019},
  publisher={ACS Publications}
}

@article{liu2021co2,
  title={CO2 reduction on pure Cu produces only H2 after subsurface O is depleted: theory and experiment},
  author={Liu, Guiji and Lee, Michelle and Kwon, Soonho and Zeng, Guosong and Eichhorn, Johanna and Buckley, Aya K and Toste, F Dean and Goddard III, William A and Toma, Francesca M},
  journal={Proceedings of the National Academy of Sciences},
  volume={118},
  number={23},
  pages={e2012649118},
  year={2021},
  publisher={National Acad Sciences}
}

@article{wang2018heterogeneous,
  title={Heterogeneous single-atom catalysis},
  author={Wang, Aiqin and Li, Jun and Zhang, Tao},
  journal={Nature Reviews Chemistry},
  volume={2},
  number={6},
  pages={65--81},
  year={2018},
  publisher={Nature Publishing Group UK London}
}

@article{yang2018atomically,
  title={Atomically dispersed Ni (i) as the active site for electrochemical CO2 reduction},
  author={Yang, Hong Bin and Hung, Sung-Fu and Liu, Song and Yuan, Kaidi and Miao, Shu and Zhang, Liping and Huang, Xiang and Wang, Hsin-Yi and Cai, Weizheng and Chen, Rong and others},
  journal={Nature energy},
  volume={3},
  number={2},
  pages={140--147},
  year={2018},
  publisher={Nature Publishing Group UK London}
}

@article{cai2021insights,
  title={Insights on forming N, O-coordinated Cu single-atom catalysts for electrochemical reduction CO2 to methane},
  author={Cai, Yanming and Fu, Jiaju and Zhou, Yang and Chang, Yu-Chung and Min, Qianhao and Zhu, Jun-Jie and Lin, Yuehe and Zhu, Wenlei},
  journal={Nature Communications},
  volume={12},
  number={1},
  pages={586},
  year={2021},
  publisher={Nature Publishing Group UK London}
}

@article{ju2017understanding,
  title={Understanding activity and selectivity of metal-nitrogen-doped carbon catalysts for electrochemical reduction of CO2},
  author={Ju, Wen and Bagger, Alexander and Hao, Guang-Ping and Varela, Ana Sofia and Sinev, Ilya and Bon, Volodymyr and Roldan Cuenya, Beatriz and Kaskel, Stefan and Rossmeisl, Jan and Strasser, Peter},
  journal={Nature communications},
  volume={8},
  number={1},
  pages={944},
  year={2017},
  publisher={Nature Publishing Group UK London}
}

@article{ren2019isolated,
  title={Isolated diatomic Ni-Fe metal--nitrogen sites for synergistic electroreduction of CO2},
  author={Ren, Wenhao and Tan, Xin and Yang, Wanfeng and Jia, Chen and Xu, Shumao and Wang, Kaixue and Smith, Sean C and Zhao, Chuan},
  journal={Angewandte Chemie International Edition},
  volume={58},
  number={21},
  pages={6972--6976},
  year={2019},
  publisher={Wiley Online Library}
}

@article{zhao2021revisiting,
  title={Revisiting understanding of electrochemical CO2 reduction on Cu (111): competing proton-coupled electron transfer reaction mechanisms revealed by embedded correlated wavefunction theory},
  author={Zhao, Qing and Martirez, John Mark P and Carter, Emily A},
  journal={Journal of the American Chemical Society},
  volume={143},
  number={16},
  pages={6152--6164},
  year={2021},
  publisher={ACS Publications}
}

@article{feaster2017understanding,
  title={Understanding selectivity for the electrochemical reduction of carbon dioxide to formic acid and carbon monoxide on metal electrodes},
  author={Feaster, Jeremy T and Shi, Chuan and Cave, Etosha R and Hatsukade, Toru and Abram, David N and Kuhl, Kendra P and Hahn, Christopher and N{\o}rskov, Jens K and Jaramillo, Thomas F},
  journal={Acs Catalysis},
  volume={7},
  number={7},
  pages={4822--4827},
  year={2017},
  publisher={ACS Publications}
}

@article{carter2008challenges,
  title={Challenges in modeling materials properties without experimental input},
  author={Carter, Emily A},
  journal={Science},
  volume={321},
  number={5890},
  pages={800--803},
  year={2008},
  publisher={American Association for the Advancement of Science}
}

@article{jinnouchi2017predicting,
  title={Predicting catalytic activity of nanoparticles by a DFT-aided machine-learning algorithm},
  author={Jinnouchi, Ryosuke and Asahi, Ryoji},
  journal={The journal of physical chemistry letters},
  volume={8},
  number={17},
  pages={4279--4283},
  year={2017},
  publisher={ACS Publications}
}

@article{cuenya2015nanocatalysis,
  title={Nanocatalysis: size-and shape-dependent chemisorption and catalytic reactivity},
  author={Cuenya, Beatriz Roldan and Behafarid, Farzad},
  journal={Surface Science Reports},
  volume={70},
  number={2},
  pages={135--187},
  year={2015},
  publisher={Elsevier}
}

@article{goldsmith2018machine,
  title={Machine learning for heterogeneous catalyst design and discovery},
  author={Goldsmith, Bryan R and Esterhuizen, Jacques and Liu, Jin-Xun and Bartel, Christopher J and Sutton, Christopher},
  year={2018},
  publisher={John Wiley \& Sons}
}

@article{hammer1995electronic,
  title={Electronic factors determining the reactivity of metal surfaces},
  author={Hammer, BJKN and N{\o}rskov, Jens K},
  journal={Surface science},
  volume={343},
  number={3},
  pages={211--220},
  year={1995},
  publisher={Elsevier}
}

@article{kajita2017universal,
  title={A universal 3D voxel descriptor for solid-state material informatics with deep convolutional neural networks},
  author={Kajita, Seiji and Ohba, Nobuko and Jinnouchi, Ryosuke and Asahi, Ryoji},
  journal={Scientific reports},
  volume={7},
  number={1},
  pages={16991},
  year={2017},
  publisher={Nature Publishing Group UK London}
}

@article{han2021single,
  title={Single-atom alloy catalysts designed by first-principles calculations and artificial intelligence},
  author={Han, Zhong-Kang and Sarker, Debalaya and Ouyang, Runhai and Mazheika, Aliaksei and Gao, Yi and Levchenko, Sergey V},
  journal={Nature communications},
  volume={12},
  number={1},
  pages={1833},
  year={2021},
  publisher={Nature Publishing Group UK London}
}

@article{thirumalai2018investigating,
  title={Investigating the reactivity of single atom alloys using density functional theory},
  author={Thirumalai, Hari and Kitchin, John R},
  journal={Topics in Catalysis},
  volume={61},
  pages={462--474},
  year={2018},
  publisher={Springer}
}

@inproceedings{tran2015learning,
  title={Learning spatiotemporal features with 3d convolutional networks},
  author={Tran, Du and Bourdev, Lubomir and Fergus, Rob and Torresani, Lorenzo and Paluri, Manohar},
  booktitle={Proceedings of the IEEE international conference on computer vision},
  pages={4489--4497},
  year={2015}
}

21.	Socher, R., et al., Convolutional-recursive deep learning for 3d object classification. Advances in neural information processing systems, 2012. 25.
22.	Krizhevsky, A., I. Sutskever, and G.E. Hinton, Imagenet classification with deep convolutional neural networks. Advances in neural information processing systems, 2012. 25.
23.	Kirklin, S., et al., The Open Quantum Materials Database (OQMD): assessing the accuracy of DFT formation energies. npj Computational Materials, 2015. 1(1): p. 1-15.
24.	Probert, M.I.J., et al., Reproducibility in density functional theory calculations of solids. Science, 2016. 351(6280): p. aad3000.
25.	Wellendorff, J., et al., A benchmark database for adsorption bond energies to transition metal surfaces and comparison to selected DFT functionals. Surface Science, 2015. 640: p. 36-44.
26.	Peterson, A.A. and J.K. Nørskov, Activity Descriptors for CO2 Electroreduction to Methane on Transition-Metal Catalysts. The Journal of Physical Chemistry Letters, 2012. 3(2): p. 251-258.
27.	Nørskov, J.K., et al., Density functional theory in surface chemistry and catalysis. Proceedings of the National Academy of Sciences, 2011. 108(3): p. 937-943.
28.	Bera, B., et al., Density of states, carrier concentration, and flat band potential derived from electrochemical impedance measurements of N-doped carbon and their influence on electrocatalysis of oxygen reduction reaction. The Journal of Physical Chemistry C, 2017. 121(38): p. 20850-20856.
29.	Kusada, K., et al., Emergence of high ORR activity through controlling local density-of-states by alloying immiscible Au and Ir. Chemical science, 2019. 10(3): p. 652-656.
30.	Hammer, B. and J.K. Nørskov, Theoretical surface science and catalysis—calculations and concepts, in Impact of Surface Science on Catalysis. 2000, Academic Press. p. 71-129.


31.	Kendall, M.G., A new measure of rank correlation. Biometrika, 1938. 30(1/2): p. 81-93.
32.	Takigawa, I., et al., Machine-learning prediction of the d-band center for metals and bimetals. RSC advances, 2016. 6(58): p. 52587-52595.
33.	Sun, Z., Z. Song, and W.-J. Yin, Going Beyond the d‐Band Center to Describe CO2 Activation on Single‐Atom Alloys. Advanced Energy and Sustainability Research, 2022. 3(2): p. 2100152.
34.	Fung, V., et al., Descriptors for hydrogen evolution on single atom catalysts in nitrogen-doped graphene. The Journal of Physical Chemistry C, 2020. 124(36): p. 19571-19578.
35.	Di Liberto, G., L.A. Cipriano, and G. Pacchioni, Universal principles for the rational design of single atom electrocatalysts? Handle with care. ACS Catalysis, 2022. 12(10): p. 5846-5856.
36.	Yuan, H., et al., Descriptor-based design principle for two-dimensional single-atom catalysts: carbon dioxide electroreduction. The journal of physical chemistry letters, 2020. 11(9): p. 3481-3487.
37.	Huang, H.-C., et al., Rational design of an efficient descriptor for single-atom catalysts in the hydrogen evolution reaction. Journal of Materials Chemistry A, 2020. 8(18): p. 9202-9208.
38.	Kirklin, S., et al., The Open Quantum Materials Database (OQMD): assessing the accuracy of DFT formation energies. npj Computational Materials, 2015. 1(1): p. 15010.
39.	Lejaeghere, K., et al., Reproducibility in density functional theory calculations of solids. Science, 2016. 351(6280): p. aad3000.
40.	Chandrasekaran, A., et al., Solving the electronic structure problem with machine learning. npj Computational Materials, 2019. 5(1): p. 22.


41.	Fung, V., et al., Machine learned features from density of states for accurate adsorption energy prediction. Nature Communications, 2021. 12(1): p. 88.
42.	Balandin, A., Modern state of the multiplet theor of heterogeneous catalysis. Advances in catalysis, 1969. 19: p. 1-210.
43.	Deutschmann, O., et al., Heterogeneous catalysis and solid catalysts, 1. Fundamentals. Ullmann's encyclopedia of industrial chemistry, 2000.
44.	Goyal, A., et al., Competition between CO2 reduction and hydrogen evolution on a gold electrode under well-defined mass transport conditions. Journal of the American Chemical Society, 2020. 142(9): p. 4154-4161.
45.	Peterson, A.A., et al., How copper catalyzes the electroreduction of carbon dioxide into hydrocarbon fuels. Energy & Environmental Science, 2010. 3(9): p. 1311-1315.
46.	Zhang, Q., Y.N. Wu, and S.C. Zhu. Interpretable Convolutional Neural Networks. in 2018 IEEE/CVF Conference on Computer Vision and Pattern Recognition. 2018.
47.	Zhang, Q.-s. and S.-C. Zhu, Visual interpretability for deep learning: a survey. Frontiers of Information Technology & Electronic Engineering, 2018. 19(1): p. 27-39.
48.	Savage, N., Breaking into the black box of artificial intelligence. Nature, 2022.
49.	Zeiler, M.D. and R. Fergus. Visualizing and Understanding Convolutional Networks. in Computer Vision – ECCV 2014. 2014. Cham: Springer International Publishing.
50.	Kortylewski, A., et al. Combining compositional models and deep networks for robust object classification under occlusion. in Proceedings of the IEEE/CVF winter conference on applications of computer vision. 2020.


51.	Wang, A., et al. Robust object detection under occlusion with context-aware compositionalnets. in Proceedings of the IEEE/CVF Conference on Computer Vision and Pattern Recognition. 2020.
52.	Deringer, V.L., A.L. Tchougréeff, and R. Dronskowski, Crystal Orbital Hamilton Population (COHP) Analysis As Projected from Plane-Wave Basis Sets. The Journal of Physical Chemistry A, 2011. 115(21): p. 5461-5466.
53.	Kresse, G. and J. Furthmüller, Efficient iterative schemes for ab initio total-energy calculations using a plane-wave basis set. Physical Review B, 1996. 54(16): p. 11169-11186.
54.	Kresse, G. and J. Furthmüller, Efficiency of ab-initio total energy calculations for metals and semiconductors using a plane-wave basis set. Computational Materials Science, 1996. 6(1): p. 15-50.
55.	Kresse, G. and J. Hafner, Ab initio molecular dynamics for liquid metals. Physical Review B, 1993. 47(1): p. 558-561.
56.	Perdew, J.P., K. Burke, and M. Ernzerhof, Generalized Gradient Approximation Made Simple. Physical Review Letters, 1996. 77(18): p. 3865-3868.
57.	Jiao, Y., et al., Molecular Scaffolding Strategy with Synergistic Active Centers To Facilitate Electrocatalytic CO2 Reduction to Hydrocarbon/Alcohol. Journal of the American Chemical Society, 2017. 139(49): p. 18093-18100.
58.	Nørskov, J.K., et al., Origin of the Overpotential for Oxygen Reduction at a Fuel-Cell Cathode. The Journal of Physical Chemistry B, 2004. 108(46): p. 17886-17892.
59.	Weimann, K. and T.O.F. Conrad, Transfer learning for ECG classification. Scientific Reports, 2021. 11(1): p. 5251.
60.	Li, L., et al., Hyperband: A novel bandit-based approach to hyperparameter optimization. The journal of machine learning research, 2017. 18(1): p. 6765-6816.


61.	Xie, Y., et al., How Much Space Has Been Explored? Measuring the Chemical Space Covered by Databases and Machine-Generated Molecules. arXiv preprint arXiv:2112.12542, 2021.
62.	Blöchl, P.E., O. Jepsen, and O.K. Andersen, Improved tetrahedron method for Brillouin-zone integrations. Physical Review B, 1994. 49(23): p. 16223-16233.
63.	Koga, T., et al., Analytical Hartree–Fock wave functions subject to cusp and asymptotic constraints: He to Xe, Li+ to Cs+, H− to I−. International Journal of Quantum Chemistry, 1999. 71(6): p. 491-497.
64.	Nelson, R., et al., LOBSTER: Local orbital projections, atomic charges, and chemical-bonding analysis from projector-augmented-wave-based density-functional theory. Journal of Computational Chemistry, 2020. 41(21): p. 1931-1940.
65.	Maintz, S., et al., Analytic projection from plane-wave and PAW wavefunctions and application to chemical-bonding analysis in solids. Journal of Computational Chemistry, 2013. 34(29): p. 2557-2567.
66.	Dronskowski, R. and P.E. Bloechl, Crystal orbital Hamilton populations (COHP): energy-resolved visualization of chemical bonding in solids based on density-functional calculations. The Journal of Physical Chemistry, 1993. 97(33): p. 8617-8624.
67.	Maintz, S., et al., LOBSTER: A tool to extract chemical bonding from plane-wave based DFT. Journal of Computational Chemistry, 2016. 37(11): p. 1030-1035.
68.	Wang, V., et al., VASPKIT: A user-friendly interface facilitating high-throughput computing and analysis using VASP code. Computer Physics Communications, 2021. 267: p. 108033.
69.	Momma, K. and F. Izumi, VESTA: a three-dimensional visualization system for electronic and structural analysis. Journal of Applied Crystallography, 2008. 41(3): p. 653-658.
70.	Abadi, M., et al., TensorFlow: a system for large-scale machine learning, in Proceedings of the 12th USENIX conference on Operating Systems Design and Implementation. 2016, USENIX Association: Savannah, GA, USA. p. 265–283.


71.	O'Malley, T., et al., KerasTuner. https://github.com/keras-team/keras-tuner.
