% References for Main Text

@article{dinh2018co2,
  title={CO2 electroreduction to ethylene via hydroxide-mediated copper catalysis at an abrupt interface},
  author={Dinh, Cao-Thang and Burdyny, Thomas and Kibria, Md Golam and Seifitokaldani, Ali and Gabardo, Christine M and Garc{\'\i}a de Arquer, F Pelayo and Kiani, Amirreza and Edwards, Jonathan P and De Luna, Phil and Bushuyev, Oleksandr S and others},
  journal={Science},
  volume={360},
  number={6390},
  pages={783--787},
  year={2018},
  publisher={American Association for the Advancement of Science}
}

@article{osella2023co2,
  title={CO2 Reduction to Methane and Ethylene on a Single-Atom Catalyst: A Grand Canonical Quantum Mechanics Study},
  author={Osella, Silvio and Goddard III, William A},
  journal={Journal of the American Chemical Society},
  volume={145},
  number={39},
  pages={21319--21329},
  year={2023},
  publisher={ACS Publications}
}

@article{chen2019identifying,
  title={Identifying active sites for CO2 reduction on dealloyed gold surfaces by combining machine learning with multiscale simulations},
  author={Chen, Yalu and Huang, Yufeng and Cheng, Tao and Goddard III, William A},
  journal={Journal of the American Chemical Society},
  volume={141},
  number={29},
  pages={11651--11657},
  year={2019},
  publisher={ACS Publications}
}

@article{liu2021co2,
  title={CO2 reduction on pure Cu produces only H2 after subsurface O is depleted: theory and experiment},
  author={Liu, Guiji and Lee, Michelle and Kwon, Soonho and Zeng, Guosong and Eichhorn, Johanna and Buckley, Aya K and Toste, F Dean and Goddard III, William A and Toma, Francesca M},
  journal={Proceedings of the National Academy of Sciences},
  volume={118},
  number={23},
  pages={e2012649118},
  year={2021},
  publisher={National Acad Sciences}
}

@article{wang2018heterogeneous,
  title={Heterogeneous single-atom catalysis},
  author={Wang, Aiqin and Li, Jun and Zhang, Tao},
  journal={Nature Reviews Chemistry},
  volume={2},
  number={6},
  pages={65--81},
  year={2018},
  publisher={Nature Publishing Group UK London}
}

@article{yang2018atomically,
  title={Atomically dispersed Ni (i) as the active site for electrochemical CO2 reduction},
  author={Yang, Hong Bin and Hung, Sung-Fu and Liu, Song and Yuan, Kaidi and Miao, Shu and Zhang, Liping and Huang, Xiang and Wang, Hsin-Yi and Cai, Weizheng and Chen, Rong and others},
  journal={Nature energy},
  volume={3},
  number={2},
  pages={140--147},
  year={2018},
  publisher={Nature Publishing Group UK London}
}

@article{cai2021insights,
  title={Insights on forming N, O-coordinated Cu single-atom catalysts for electrochemical reduction CO2 to methane},
  author={Cai, Yanming and Fu, Jiaju and Zhou, Yang and Chang, Yu-Chung and Min, Qianhao and Zhu, Jun-Jie and Lin, Yuehe and Zhu, Wenlei},
  journal={Nature Communications},
  volume={12},
  number={1},
  pages={586},
  year={2021},
  publisher={Nature Publishing Group UK London}
}

@article{ju2017understanding,
  title={Understanding activity and selectivity of metal-nitrogen-doped carbon catalysts for electrochemical reduction of CO2},
  author={Ju, Wen and Bagger, Alexander and Hao, Guang-Ping and Varela, Ana Sofia and Sinev, Ilya and Bon, Volodymyr and Roldan Cuenya, Beatriz and Kaskel, Stefan and Rossmeisl, Jan and Strasser, Peter},
  journal={Nature communications},
  volume={8},
  number={1},
  pages={944},
  year={2017},
  publisher={Nature Publishing Group UK London}
}

@article{ren2019isolated,
  title={Isolated diatomic Ni-Fe metal--nitrogen sites for synergistic electroreduction of CO2},
  author={Ren, Wenhao and Tan, Xin and Yang, Wanfeng and Jia, Chen and Xu, Shumao and Wang, Kaixue and Smith, Sean C and Zhao, Chuan},
  journal={Angewandte Chemie International Edition},
  volume={58},
  number={21},
  pages={6972--6976},
  year={2019},
  publisher={Wiley Online Library}
}

@article{zhao2021revisiting,
  title={Revisiting understanding of electrochemical CO2 reduction on Cu (111): competing proton-coupled electron transfer reaction mechanisms revealed by embedded correlated wavefunction theory},
  author={Zhao, Qing and Martirez, John Mark P and Carter, Emily A},
  journal={Journal of the American Chemical Society},
  volume={143},
  number={16},
  pages={6152--6164},
  year={2021},
  publisher={ACS Publications}
}

@article{feaster2017understanding,
  title={Understanding selectivity for the electrochemical reduction of carbon dioxide to formic acid and carbon monoxide on metal electrodes},
  author={Feaster, Jeremy T and Shi, Chuan and Cave, Etosha R and Hatsukade, Toru and Abram, David N and Kuhl, Kendra P and Hahn, Christopher and N{\o}rskov, Jens K and Jaramillo, Thomas F},
  journal={Acs Catalysis},
  volume={7},
  number={7},
  pages={4822--4827},
  year={2017},
  publisher={ACS Publications}
}

@article{carter2008challenges,
  title={Challenges in modeling materials properties without experimental input},
  author={Carter, Emily A},
  journal={Science},
  volume={321},
  number={5890},
  pages={800--803},
  year={2008},
  publisher={American Association for the Advancement of Science}
}

@article{jinnouchi2017predicting,
  title={Predicting catalytic activity of nanoparticles by a DFT-aided machine-learning algorithm},
  author={Jinnouchi, Ryosuke and Asahi, Ryoji},
  journal={The journal of physical chemistry letters},
  volume={8},
  number={17},
  pages={4279--4283},
  year={2017},
  publisher={ACS Publications}
}

@article{cuenya2015nanocatalysis,
  title={Nanocatalysis: size-and shape-dependent chemisorption and catalytic reactivity},
  author={Cuenya, Beatriz Roldan and Behafarid, Farzad},
  journal={Surface Science Reports},
  volume={70},
  number={2},
  pages={135--187},
  year={2015},
  publisher={Elsevier}
}

@article{goldsmith2018machine,
author = {Goldsmith, Bryan R. and Esterhuizen, Jacques and Liu, Jin-Xun and Bartel, Christopher J. and Sutton, Christopher},
title = {Machine learning for heterogeneous catalyst design and discovery},
journal = {AIChE Journal},
volume = {64},
number = {7},
pages = {2311-2323},
keywords = {heterogeneous catalysis, machine learning, data mining, compressed sensing, computational catalysis},
doi = {https://doi.org/10.1002/aic.16198},
url = {https://aiche.onlinelibrary.wiley.com/doi/abs/10.1002/aic.16198},
eprint = {https://aiche.onlinelibrary.wiley.com/doi/pdf/10.1002/aic.16198},
year = {2018}
}

@article{hammer1995electronic,
  title={Electronic factors determining the reactivity of metal surfaces},
  author={Hammer, BJKN and N{\o}rskov, Jens K},
  journal={Surface science},
  volume={343},
  number={3},
  pages={211--220},
  year={1995},
  publisher={Elsevier}
}

@article{kajita2017universal,
  title={A universal 3D voxel descriptor for solid-state material informatics with deep convolutional neural networks},
  author={Kajita, Seiji and Ohba, Nobuko and Jinnouchi, Ryosuke and Asahi, Ryoji},
  journal={Scientific reports},
  volume={7},
  number={1},
  pages={16991},
  year={2017},
  publisher={Nature Publishing Group UK London}
}

@article{han2021single,
  title={Single-atom alloy catalysts designed by first-principles calculations and artificial intelligence},
  author={Han, Zhong-Kang and Sarker, Debalaya and Ouyang, Runhai and Mazheika, Aliaksei and Gao, Yi and Levchenko, Sergey V},
  journal={Nature communications},
  volume={12},
  number={1},
  pages={1833},
  year={2021},
  publisher={Nature Publishing Group UK London}
}

@article{thirumalai2018investigating,
  title={Investigating the reactivity of single atom alloys using density functional theory},
  author={Thirumalai, Hari and Kitchin, John R},
  journal={Topics in Catalysis},
  volume={61},
  pages={462--474},
  year={2018},
  publisher={Springer}
}

@inproceedings{tran2015learning,
  title={Learning spatiotemporal features with 3d convolutional networks},
  author={Tran, Du and Bourdev, Lubomir and Fergus, Rob and Torresani, Lorenzo and Paluri, Manohar},
  booktitle={Proceedings of the IEEE international conference on computer vision},
  pages={4489--4497},
  year={2015}
}

@article{socher2012convolutional,
  title={Convolutional-recursive deep learning for 3d object classification},
  author={Socher, Richard and Huval, Brody and Bath, Bharath and Manning, Christopher D and Ng, Andrew},
  journal={Advances in neural information processing systems},
  volume={25},
  year={2012}
}

@article{krizhevsky2012imagenet,
  title={Imagenet classification with deep convolutional neural networks},
  author={Krizhevsky, Alex and Sutskever, Ilya and Hinton, Geoffrey E},
  journal={Advances in neural information processing systems},
  volume={25},
  year={2012}
}

@article{kirklin2015open,
  title={The Open Quantum Materials Database (OQMD): assessing the accuracy of DFT formation energies},
  author={Kirklin, Scott and Saal, James E and Meredig, Bryce and Thompson, Alex and Doak, Jeff W and Aykol, Muratahan and R{\"u}hl, Stephan and Wolverton, Chris},
  journal={npj Computational Materials},
  volume={1},
  number={1},
  pages={1--15},
  year={2015},
  publisher={Nature Publishing Group}
}

@article{lejaeghere2016reproducibility,
  title={Reproducibility in density functional theory calculations of solids},
  author={Lejaeghere, Kurt and Bihlmayer, Gustav and Bj{\"o}rkman, Torbj{\"o}rn and Blaha, Peter and Bl{\"u}gel, Stefan and Blum, Volker and Caliste, Damien and Castelli, Ivano E and Clark, Stewart J and Dal Corso, Andrea and others},
  journal={Science},
  volume={351},
  number={6280},
  pages={aad3000},
  year={2016},
  publisher={American Association for the Advancement of Science}
}

@article{wellendorff2015benchmark,
  title={A benchmark database for adsorption bond energies to transition metal surfaces and comparison to selected DFT functionals},
  author={Wellendorff, Jess and Silbaugh, Trent L and Garcia-Pintos, Delfina and N{\o}rskov, Jens K and Bligaard, Thomas and Studt, Felix and Campbell, Charles T},
  journal={Surface Science},
  volume={640},
  pages={36--44},
  year={2015},
  publisher={Elsevier}
}

@article{peterson2012activity,
  title={Activity descriptors for CO2 electroreduction to methane on transition-metal catalysts},
  author={Peterson, Andrew A and N{\o}rskov, Jens K},
  journal={The Journal of Physical Chemistry Letters},
  volume={3},
  number={2},
  pages={251--258},
  year={2012},
  publisher={ACS Publications}
}

@article{norskov2011density,
  title={Density functional theory in surface chemistry and catalysis},
  author={N{\o}rskov, Jens K and Abild-Pedersen, Frank and Studt, Felix and Bligaard, Thomas},
  journal={Proceedings of the National Academy of Sciences},
  volume={108},
  number={3},
  pages={937--943},
  year={2011},
  publisher={National Acad Sciences}
}

@article{bera2017density,
  title={Density of states, carrier concentration, and flat band potential derived from electrochemical impedance measurements of N-doped carbon and their influence on electrocatalysis of oxygen reduction reaction},
  author={Bera, Bapi and Chakraborty, Arup and Kar, Tathagata and Leuaa, Pradipkumar and Neergat, Manoj},
  journal={The Journal of Physical Chemistry C},
  volume={121},
  number={38},
  pages={20850--20856},
  year={2017},
  publisher={ACS Publications}
}

@article{kusada2019emergence,
  title={Emergence of high ORR activity through controlling local density-of-states by alloying immiscible Au and Ir},
  author={Kusada, Kohei and Wu, Dongshuang and Yamamoto, Tomokazu and Toriyama, Takaaki and Matsumura, Syo and Xie, Wei and Koyama, Michihisa and Kawaguchi, Shogo and Kubota, Yoshiki and Kitagawa, Hiroshi},
  journal={Chemical science},
  volume={10},
  number={3},
  pages={652--656},
  year={2019},
  publisher={Royal Society of Chemistry}
}

@incollection{hammer2000theoretical,
  title={Theoretical surface science and catalysis—calculations and concepts},
  author={Hammer, Bj{\o}rk and N{\o}rskov, Jens Kehlet},
  booktitle={Advances in catalysis},
  volume={45},
  pages={71--129},
  year={2000},
  publisher={Elsevier}
}

@article{kendall1938new,
  title={A new measure of rank correlation},
  author={Kendall, Maurice G},
  journal={Biometrika},
  volume={30},
  number={1/2},
  pages={81--93},
  year={1938},
  publisher={JSTOR}
}

@article{takigawa2016machine,
  title={Machine-learning prediction of the d-band center for metals and bimetals},
  author={Takigawa, Ichigaku and Shimizu, Ken-ichi and Tsuda, Koji and Takakusagi, Satoru},
  journal={RSC advances},
  volume={6},
  number={58},
  pages={52587--52595},
  year={2016},
  publisher={Royal Society of Chemistry}
}

@article{sun2022going,
  title={Going Beyond the d-Band Center to Describe CO2 Activation on Single-Atom Alloys},
  author={Sun, Zhongti and Song, Zhilong and Yin, Wan-Jian},
  journal={Advanced Energy and Sustainability Research},
  volume={3},
  number={2},
  pages={2100152},
  year={2022},
  publisher={Wiley Online Library}
}

@article{fung2020descriptors,
  title={Descriptors for hydrogen evolution on single atom catalysts in nitrogen-doped graphene},
  author={Fung, Victor and Hu, Guoxiang and Wu, Zili and Jiang, De-en},
  journal={The Journal of Physical Chemistry C},
  volume={124},
  number={36},
  pages={19571--19578},
  year={2020},
  publisher={ACS Publications}
}

@article{di2022universal,
  title={Universal principles for the rational design of single atom electrocatalysts? Handle with care},
  author={Di Liberto, Giovanni and Cipriano, Luis A and Pacchioni, Gianfranco},
  journal={ACS Catalysis},
  volume={12},
  number={10},
  pages={5846--5856},
  year={2022},
  publisher={ACS Publications}
}

@article{yuan2020descriptor,
  title={Descriptor-based design principle for two-dimensional single-atom catalysts: carbon dioxide electroreduction},
  author={Yuan, Hao and Li, Zhenyu and Zeng, Xiao Cheng and Yang, Jinlong},
  journal={The journal of physical chemistry letters},
  volume={11},
  number={9},
  pages={3481--3487},
  year={2020},
  publisher={ACS Publications}
}

@article{huang2020rational,
  title={Rational design of an efficient descriptor for single-atom catalysts in the hydrogen evolution reaction},
  author={Huang, Hai-Cai and Zhao, Yang and Wang, Jing and Li, Jun and Chen, Jing and Fu, Qiang and Bu, Yu-Xiang and Cheng, Shi-Bo},
  journal={Journal of Materials Chemistry A},
  volume={8},
  number={18},
  pages={9202--9208},
  year={2020},
  publisher={Royal Society of Chemistry}
}

@article{kirklin2015open,
  title={The Open Quantum Materials Database (OQMD): assessing the accuracy of DFT formation energies},
  author={Kirklin, Scott and Saal, James E and Meredig, Bryce and Thompson, Alex and Doak, Jeff W and Aykol, Muratahan and R{\"u}hl, Stephan and Wolverton, Chris},
  journal={npj Computational Materials},
  volume={1},
  number={1},
  pages={1--15},
  year={2015},
  publisher={Nature Publishing Group}
}

@article{lejaeghere2016reproducibility,
  title={Reproducibility in density functional theory calculations of solids},
  author={Lejaeghere, Kurt and Bihlmayer, Gustav and Bj{\"o}rkman, Torbj{\"o}rn and Blaha, Peter and Bl{\"u}gel, Stefan and Blum, Volker and Caliste, Damien and Castelli, Ivano E and Clark, Stewart J and Dal Corso, Andrea and others},
  journal={Science},
  volume={351},
  number={6280},
  pages={aad3000},
  year={2016},
  publisher={American Association for the Advancement of Science}
}

@article{chandrasekaran2019solving,
  title={Solving the electronic structure problem with machine learning},
  author={Chandrasekaran, Anand and Kamal, Deepak and Batra, Rohit and Kim, Chiho and Chen, Lihua and Ramprasad, Rampi},
  journal={npj Computational Materials},
  volume={5},
  number={1},
  pages={22},
  year={2019},
  publisher={Nature Publishing Group UK London}
}

@article{fung2021machine,
  title={Machine learned features from density of states for accurate adsorption energy prediction},
  author={Fung, Victor and Hu, Guoxiang and Ganesh, Panchapakesan and Sumpter, Bobby G},
  journal={Nature communications},
  volume={12},
  number={1},
  pages={88},
  year={2021},
  publisher={Nature Publishing Group UK London}
}

@article{balandin1969modern,
  title={Modern state of the multiplet theor of heterogeneous catalysis},
  author={Balandin, AA},
  journal={Advances in catalysis},
  volume={19},
  pages={1--210},
  year={1969},
  publisher={Elsevier}
}

@article{deutschmann2000heterogeneous,
  title={Heterogeneous catalysis and solid catalysts, 1. Fundamentals},
  author={Deutschmann, Olaf and Kn{\"o}zinger, Helmut and Kochloefl, Karl and Turek, Thomas},
  journal={Ullmann's encyclopedia of industrial chemistry},
  year={2000},
  publisher={Wiley Online Library}
}

@article{goyal2020competition,
  title={Competition between CO2 reduction and hydrogen evolution on a gold electrode under well-defined mass transport conditions},
  author={Goyal, Akansha and Marcandalli, Giulia and Mints, Vladislav A and Koper, Marc TM},
  journal={Journal of the American Chemical Society},
  volume={142},
  number={9},
  pages={4154--4161},
  year={2020},
  publisher={ACS Publications}
}

@article{peterson2010copper,
  title={How copper catalyzes the electroreduction of carbon dioxide into hydrocarbon fuels},
  author={Peterson, Andrew A and Abild-Pedersen, Frank and Studt, Felix and Rossmeisl, Jan and N{\o}rskov, Jens K},
  journal={Energy \& Environmental Science},
  volume={3},
  number={9},
  pages={1311--1315},
  year={2010},
  publisher={Royal Society of Chemistry}
}

@inproceedings{zhang2018interpretable,
  title={Interpretable convolutional neural networks},
  author={Zhang, Quanshi and Wu, Ying Nian and Zhu, Song-Chun},
  booktitle={Proceedings of the IEEE conference on computer vision and pattern recognition},
  pages={8827--8836},
  year={2018}
}

@article{zhang2018visual,
  title={Visual interpretability for deep learning: a survey},
  author={Zhang, Quan-shi and Zhu, Song-Chun},
  journal={Frontiers of Information Technology \& Electronic Engineering},
  volume={19},
  number={1},
  pages={27--39},
  year={2018},
  publisher={Springer}
}

@misc{savage2022breaking,
  title={Breaking into the black box of artificial intelligence},
  author={Savage, Neil},
  year={2022},
  publisher={Nature Publishing Group}
}

@inproceedings{zeiler2014visualizing,
  title={Visualizing and understanding convolutional networks},
  author={Zeiler, Matthew D and Fergus, Rob},
  booktitle={Computer Vision--ECCV 2014: 13th European Conference, Zurich, Switzerland, September 6-12, 2014, Proceedings, Part I 13},
  pages={818--833},
  year={2014},
  organization={Springer}
}

@inproceedings{kortylewski2020combining,
  title={Combining compositional models and deep networks for robust object classification under occlusion},
  author={Kortylewski, Adam and Liu, Qing and Wang, Huiyu and Zhang, Zhishuai and Yuille, Alan},
  booktitle={Proceedings of the IEEE/CVF winter conference on applications of computer vision},
  pages={1333--1341},
  year={2020}
}

@inproceedings{wang2020robust,
  title={Robust object detection under occlusion with context-aware compositionalnets},
  author={Wang, Angtian and Sun, Yihong and Kortylewski, Adam and Yuille, Alan L},
  booktitle={Proceedings of the IEEE/CVF Conference on Computer Vision and Pattern Recognition},
  pages={12645--12654},
  year={2020}
}

@article{deringer2011crystal,
  title={Crystal orbital Hamilton population (COHP) analysis as projected from plane-wave basis sets},
  author={Deringer, Volker L and Tchougr{\'e}eff, Andrei L and Dronskowski, Richard},
  journal={The journal of physical chemistry A},
  volume={115},
  number={21},
  pages={5461--5466},
  year={2011},
  publisher={ACS Publications}
}

@article{kresse1996efficient,
  title={Efficient iterative schemes for ab initio total-energy calculations using a plane-wave basis set},
  author={Kresse, Georg and Furthm{\"u}ller, J{\"u}rgen},
  journal={Physical review B},
  volume={54},
  number={16},
  pages={11169},
  year={1996},
  publisher={APS}
}

@article{kresse1996efficiency,
  title={Efficiency of ab-initio total energy calculations for metals and semiconductors using a plane-wave basis set},
  author={Kresse, Georg and Furthm{\"u}ller, J{\"u}rgen},
  journal={Computational materials science},
  volume={6},
  number={1},
  pages={15--50},
  year={1996},
  publisher={Elsevier}
}

@article{kresse1993ab,
  title={Ab initio molecular dynamics for liquid metals},
  author={Kresse, Georg and Hafner, J{\"u}rgen},
  journal={Physical review B},
  volume={47},
  number={1},
  pages={558},
  year={1993},
  publisher={APS}
}

@article{perdew1996generalized,
  title={Generalized gradient approximation made simple},
  author={Perdew, John P and Burke, Kieron and Ernzerhof, Matthias},
  journal={Physical review letters},
  volume={77},
  number={18},
  pages={3865},
  year={1996},
  publisher={APS}
}

@article{jiao2017molecular,
  title={Molecular scaffolding strategy with synergistic active centers to facilitate electrocatalytic CO2 reduction to hydrocarbon/alcohol},
  author={Jiao, Yan and Zheng, Yao and Chen, Ping and Jaroniec, Mietek and Qiao, Shi-Zhang},
  journal={Journal of the American Chemical Society},
  volume={139},
  number={49},
  pages={18093--18100},
  year={2017},
  publisher={ACS Publications}
}

@article{norskov2004origin,
  title={Origin of the overpotential for oxygen reduction at a fuel-cell cathode},
  author={N{\o}rskov, Jens Kehlet and Rossmeisl, Jan and Logadottir, Ashildur and Lindqvist, LRKJ and Kitchin, John R and Bligaard, Thomas and Jonsson, Hannes},
  journal={The Journal of Physical Chemistry B},
  volume={108},
  number={46},
  pages={17886--17892},
  year={2004},
  publisher={ACS Publications}
}

@article{weimann2021transfer,
  title={Transfer learning for ECG classification},
  author={Weimann, Kuba and Conrad, Tim OF},
  journal={Scientific reports},
  volume={11},
  number={1},
  pages={5251},
  year={2021},
  publisher={Nature Publishing Group UK London}
}

@article{li2018hyperband,
  title={Hyperband: A novel bandit-based approach to hyperparameter optimization},
  author={Li, Lisha and Jamieson, Kevin and DeSalvo, Giulia and Rostamizadeh, Afshin and Talwalkar, Ameet},
  journal={Journal of Machine Learning Research},
  volume={18},
  number={185},
  pages={1--52},
  year={2018}
}

@article{DBLP:journals/corr/abs-2112-12542,
  author       = {Yutong Xie and
                  Ziqiao Xu and
                  Jiaqi Ma and
                  Qiaozhu Mei},
  title        = {How Much of the Chemical Space Has Been Covered? Measuring and Improving
                  the Variety of Candidate Set in Molecular Generation},
  journal      = {CoRR},
  volume       = {abs/2112.12542},
  year         = {2021},
  url          = {https://arxiv.org/abs/2112.12542},
  eprinttype    = {arXiv},
  eprint       = {2112.12542},
  timestamp    = {Tue, 04 Jan 2022 15:59:27 +0100},
  biburl       = {https://dblp.org/rec/journals/corr/abs-2112-12542.bib},
  bibsource    = {dblp computer science bibliography, https://dblp.org}
}

@article{blochl1994improved,
  title={Improved tetrahedron method for Brillouin-zone integrations},
  author={Bl{\"o}chl, Peter E and Jepsen, Ove and Andersen, Ole Krogh},
  journal={Physical Review B},
  volume={49},
  number={23},
  pages={16223},
  year={1994},
  publisher={APS}
}

@article{koga1999analytical,
  title={Analytical Hartree--Fock wave functions subject to cusp and asymptotic constraints: He to Xe, Li+ to Cs+, H- to I-},
  author={Koga, Toshikatsu and Kanayama, Katsutoshi and Watanabe, Shinya and Thakkar, Ajit J},
  journal={International journal of quantum chemistry},
  volume={71},
  number={6},
  pages={491--497},
  year={1999},
  publisher={Wiley Online Library}
}

@article{nelson2020lobster,
  title={LOBSTER: Local orbital projections, atomic charges, and chemical-bonding analysis from projector-augmented-wave-based density-functional theory},
  author={Nelson, Ryky and Ertural, Christina and George, Janine and Deringer, Volker L and Hautier, Geoffroy and Dronskowski, Richard},
  journal={Journal of Computational Chemistry},
  volume={41},
  number={21},
  pages={1931--1940},
  year={2020},
  publisher={Wiley Online Library}
}

@article{maintz2013analytic,
  title={Analytic projection from plane-wave and PAW wavefunctions and application to chemical-bonding analysis in solids},
  author={Maintz, Stefan and Deringer, Volker L and Tchougr{\'e}eff, Andrei L and Dronskowski, Richard},
  journal={Journal of computational chemistry},
  volume={34},
  number={29},
  pages={2557--2567},
  year={2013},
  publisher={Wiley Online Library}
}

@article{dronskowski1993crystal,
  title={Crystal orbital Hamilton populations (COHP): energy-resolved visualization of chemical bonding in solids based on density-functional calculations},
  author={Dronskowski, Richard and Bl{\"o}chl, Peter E},
  journal={The Journal of Physical Chemistry},
  volume={97},
  number={33},
  pages={8617--8624},
  year={1993},
  publisher={ACS Publications}
}

@misc{maintz2016lobster,
  title={LOBSTER: A tool to extract chemical bonding from plane-wave based DFT},
  author={Maintz, Stefan and Deringer, Volker L and Tchougr{\'e}eff, Andrei L and Dronskowski, Richard},
  year={2016},
  publisher={Wiley Online Library}
}

@article{wang2021vaspkit,
  title={VASPKIT: A user-friendly interface facilitating high-throughput computing and analysis using VASP code},
  author={Wang, Vei and Xu, Nan and Liu, Jin-Cheng and Tang, Gang and Geng, Wen-Tong},
  journal={Computer Physics Communications},
  volume={267},
  pages={108033},
  year={2021},
  publisher={Elsevier}
}

@article{momma2008vesta,
  title={VESTA: a three-dimensional visualization system for electronic and structural analysis},
  author={Momma, Koichi and Izumi, Fujio},
  journal={Journal of Applied crystallography},
  volume={41},
  number={3},
  pages={653--658},
  year={2008},
  publisher={International Union of Crystallography}
}

@inproceedings{abadi2016tensorflow,
  title={$\{$TensorFlow$\}$: a system for $\{$Large-Scale$\}$ machine learning},
  author={Abadi, Mart{\'\i}n and Barham, Paul and Chen, Jianmin and Chen, Zhifeng and Davis, Andy and Dean, Jeffrey and Devin, Matthieu and Ghemawat, Sanjay and Irving, Geoffrey and Isard, Michael and others},
  booktitle={12th USENIX symposium on operating systems design and implementation (OSDI 16)},
  pages={265--283},
  year={2016}
}

@misc{omalley2019kerastuner,
	title        = {KerasTuner},
	author       = {O'Malley, Tom and Bursztein, Elie and Long, James and Chollet, Fran\c{c}ois and Jin, Haifeng and Invernizzi, Luca and others},
	year         = 2019,
	howpublished = {\url{https://github.com/keras-team/keras-tuner}}
}
