% References for Supporting Information

@article{durand2011structure,
  title={Structure effects on the energetics of the electrochemical reduction of CO2 by copper surfaces},
  author={Durand, William J and Peterson, Andrew A and Studt, Felix and Abild-Pedersen, Frank and N{\o}rskov, Jens K},
  journal={Surface Science},
  volume={605},
  number={15-16},
  pages={1354--1359},
  year={2011},
  publisher={Elsevier}
}

@article{nie2014reaction,
  title={Reaction mechanisms of CO2 electrochemical reduction on Cu (1 1 1) determined with density functional theory},
  author={Nie, Xiaowa and Luo, Wenjia and Janik, Michael J and Asthagiri, Aravind},
  journal={Journal of catalysis},
  volume={312},
  pages={108--122},
  year={2014},
  publisher={Elsevier}
}

@article{peterson2010copper,
  title={How copper catalyzes the electroreduction of carbon dioxide into hydrocarbon fuels},
  author={Peterson, Andrew A and Abild-Pedersen, Frank and Studt, Felix and Rossmeisl, Jan and N{\o}rskov, Jens K},
  journal={Energy \& Environmental Science},
  volume={3},
  number={9},
  pages={1311--1315},
  year={2010},
  publisher={Royal Society of Chemistry}
}

@article{wang2021vaspkit,
  title={VASPKIT: A user-friendly interface facilitating high-throughput computing and analysis using VASP code},
  author={Wang, Vei and Xu, Nan and Liu, Jin-Cheng and Tang, Gang and Geng, Wen-Tong},
  journal={Computer Physics Communications},
  volume={267},
  pages={108033},
  year={2021},
  publisher={Elsevier}
}

@article{abild2007scaling,
  title={Scaling properties of adsorption energies for hydrogen-containing molecules on transition-metal surfaces},
  author={Abild-Pedersen, Frank and Greeley, Jeff and Studt, Felix and Rossmeisl, Jan and Munter, Ture R and Moses, Poul Georg and Skulason, Egill and Bligaard, Thomas and N{\o}rskov, Jens Kehlet},
  journal={Physical review letters},
  volume={99},
  number={1},
  pages={016105},
  year={2007},
  publisher={APS}
}

@article{peterson2012activity,
  title={Activity descriptors for CO2 electroreduction to methane on transition-metal catalysts},
  author={Peterson, Andrew A and N{\o}rskov, Jens K},
  journal={The Journal of Physical Chemistry Letters},
  volume={3},
  number={2},
  pages={251--258},
  year={2012},
  publisher={ACS Publications}
}

@article{peterson2012activity,
  title={Activity descriptors for CO2 electroreduction to methane on transition-metal catalysts},
  author={Peterson, Andrew A and N{\o}rskov, Jens K},
  journal={The Journal of Physical Chemistry Letters},
  volume={3},
  number={2},
  pages={251--258},
  year={2012},
  publisher={ACS Publications}
}

@misc{kingma2017adam,
      title={Adam: A Method for Stochastic Optimization},
      author={Diederik P. Kingma and Jimmy Ba},
      year={2017},
      eprint={1412.6980},
      archivePrefix={arXiv},
      primaryClass={cs.LG}
}

@article{li2018hyperband,
  title={Hyperband: A novel bandit-based approach to hyperparameter optimization},
  author={Li, Lisha and Jamieson, Kevin and DeSalvo, Giulia and Rostamizadeh, Afshin and Talwalkar, Ameet},
  journal={Journal of Machine Learning Research},
  volume={18},
  number={185},
  pages={1--52},
  year={2018}
}

@misc{omalley2019kerastuner,
	title        = {KerasTuner},
	author       = {O'Malley, Tom and Bursztein, Elie and Long, James and Chollet, Fran\c{c}ois and Jin, Haifeng and Invernizzi, Luca and others},
	year         = 2019,
	howpublished = {\url{https://github.com/keras-team/keras-tuner}}
}

@article{Saravia_ML_Visuals_2021,
author = {Saravia, Elvis},
journal = {https://github.com/dair-ai/ml-visuals},
month = dec,
title = {{ML Visuals}},
year = {2021}
}
