References
1.	Durand, W.J., et al., Structure effects on the energetics of the electrochemical reduction of CO2 by copper surfaces. Surface Science, 2011. 605(15): p. 1354-1359.
2.	Nie, X., et al., Reaction mechanisms of CO2 electrochemical reduction on Cu(111) determined with density functional theory. Journal of Catalysis, 2014. 312: p. 108-122.
3.	Peterson, A.A., et al., How copper catalyzes the electroreduction of carbon dioxide into hydrocarbon fuels. Energy & Environmental Science, 2010. 3(9): p. 1311-1315.
4.	Wang, V., et al., VASPKIT: A user-friendly interface facilitating high-throughput computing and analysis using VASP code. Computer Physics Communications, 2021. 267: p. 108033.
5.	Abild-Pedersen, F., et al., Scaling Properties of Adsorption Energies for Hydrogen-Containing Molecules on Transition-Metal Surfaces. Physical Review Letters, 2007. 99(1): p. 016105.
6.	Peterson, A.A. and J.K. NÃ¸rskov, Activity Descriptors for CO2 Electroreduction to Methane on Transition-Metal Catalysts. The Journal of Physical Chemistry Letters, 2012. 3(2): p. 251-258.
7.	Li, L., et al., Hyperband: A novel bandit-based approach to hyperparameter optimization. The journal of machine learning research, 2017. 18(1): p. 6765-6816.
8.	O'Malley, T., et al., KerasTuner. https://github.com/keras-team/keras-tuner.
9.	Saravia, E., ML Visuals. https://github.com/dair-ai/ml-visuals.
